# https://link.springer.com/book/10.1007/978-3-8348-8164-9
@article{Donohue2020,
  doi       = {10.1001/jama.2020.13092},
  url       = {https://doi.org/10.1001/jama.2020.13092},
  year      = {2020},
  month     = sep,
  publisher = {American Medical Association ({AMA})},
  volume    = {324},
  number    = {9},
  pages     = {845},
  author    = {Julie M. Donohue and Elizabeth Miller},
  title     = {{COVID}-19 and School Closures},
  journal   = {{JAMA}}
}

@online{moodleTermsOfService,
  author  = {{eLeDia GmbH}},
  url     = {https://moodle.de/admin/tool/policy/viewall.php},
  urldate = {2021-02-02},
  title   = {Policies and agreements}
}

@online{moodleTermsOfServiceDHBW,
  author  = {{DHBW Mannheim}},
  url     = {https://moodle.dhbw-mannheim.de/dse/datenschutzerklaerung.html},
  urldate = {2021-02-02},
  title   = {Datenschutzerkl√§rung}
}

% TODO: Da aufjeden Fall nochmal reinschauen, weil da wissenschaftliche Quellen drin sind
@online{myla,
  url     = {https://leap.uni-mannheim.de/myla/onepager/index.php#/event/home},
  urldate = {2021-02-02}
}

@online{mylaGithub,
  url     = {https://github.com/dhbw-myla/myla},
  urldate = {2021-02-02}
}

@online{loadingTimes,
  url     = {https://neilpatel.com/blog/loading-time/},
  urldate = {2021-02-02}
}


@inproceedings{Leff,
  author    = {A. {Leff} and J. T. {Rayfield}},
  booktitle = {Proceedings Fifth IEEE International Enterprise Distributed Object Computing Conference},
  title     = {Web-application development using the Model/View/Controller design pattern},
  year      = {2001},
  volume    = {},
  number    = {},
  pages     = {118-127},
  doi       = {10.1109/EDOC.2001.950428}
}

@online{firebaseDataprotection,
  url     = {https://firebase.google.com/support/privacy},
  urldate = {2021-02-04}
}

@online{redHatServerless,
  url     = {https://www.cloudflare.com/de-de/learning/serverless/glossary/backend-as-a-service-baas/},
  urldate = {2021-02-04}
}

@online{cloudflareBaaS,
  url     = {https://www.redhat.com/de/topics/cloud-native-apps/what-is-serverless},
  urldate = {2021-02-04}
}

@article{TANG,
  title   = {Selecting a trusted cloud service provider for your SaaS program},
  journal = {Computers and Security},
  volume  = {50},
  pages   = {60 - 73},
  year    = {2015},
  issn    = {0167-4048},
  doi     = {https://doi.org/10.1016/j.cose.2015.02.001},
  url     = {http://www.sciencedirect.com/science/article/pii/S0167404815000139},
  author  = {Changlong Tang and Jiqiang Liu}
}

@online{firebaseSLA,
  url     = {https://firebase.google.com/terms/service-level-agreement},
  urldate = {2021-02-04}
}

